%% This BibTeX bibliography file was created using BibDesk.
%% http://bibdesk.sourceforge.net/


%% Created for Sergio Garcia at 2011-12-11 21:28:48 -0500 


%% Saved with string encoding Unicode (UTF-8) 

@article{morris2000movement,
  title={Movement disorders in people with Parkinson disease: a model for physical therapy},
  author={Morris, Meg E},
  journal={Physical therapy},
  volume={80},
  number={6},
  pages={578--597},
  year={2000},
  publisher={American Physical Therapy Association}
}

@article{StrokeSymptoms,
  title={Probability of stroke: a risk profile from the Framingham Study.},
  author={Wolf, Philip A and D'Agostino, Ralph B and Belanger, Albert J and Kannel, William B},
  journal={Stroke},
  volume={22},
  number={3},
  pages={312--318},
  year={1991},
  publisher={Am Heart Assoc}
}

@article{CPdefinition,
  title={Proposed definition and classification of cerebral palsy, April 2005},
  author={Bax, Martin and Goldstein, Murray and Rosenbaum, Peter and Leviton, Alan and Paneth, Nigel and Dan, Bernard and Jacobsson, Bo and Damiano, Diane},
  journal={Developmental Medicine \& Child Neurology},
  volume={47},
  number={08},
  pages={571--576},
  year={2005},
  publisher={Cambridge Univ Press}
}

@incollection{SuperPop_originalpaper,
  title={Super pop VRTM: An adaptable virtual reality game for upper-body rehabilitation},
  author={Garc{\'\i}a-Vergara, Sergio and Chen, Yu-Ping and Howard, Ayanna M},
  booktitle={Virtual, Augmented and Mixed Reality. Systems and Applications},
  pages={40--49},
  year={2013},
  publisher={Springer}
}

@inproceedings{SuperPop_RoManpaper,
  title={Developing a baseline for upper-body motor skill assessment using a robotic kinematic model},
  author={Garcia-Vergara, Sergio and Serrano, Miguel M and Chen, Yu-Ping and Howard, Ayanna M},
  booktitle={Robot and Human Interactive Communication, 2014 RO-MAN: The 23rd IEEE International Symposium on},
  pages={911--916},
  year={2014},
  organization={IEEE}
}

@incollection{SuperPop_bookchapter,
  title={Engaging children in play therapy: The coupling of virtual reality games with social robotics},
  author={Garc{\'\i}a-Vergara, Sergio and Brown, LaVonda and Park, Hae Won and Howard, Ayanna M},
  booktitle={Technologies of Inclusive Well-Being},
  pages={139--163},
  year={2014},
  publisher={Springer}
}

@incollection{garcia2014three,
  title={Three-Dimensional Fitt’s Law Model Used to Predict Movement Time in Serious Games for Rehabilitation},
  author={Garc{\'\i}a-Vergara, Sergio and Howard, Ayanna M},
  booktitle={Virtual, Augmented and Mixed Reality. Applications of Virtual and Augmented Reality},
  pages={287--297},
  year={2014},
  publisher={Springer}
}

@article{chen2007use,
  title={Use of virtual reality to improve upper-extremity control in children with cerebral palsy: a single-subject design},
  author={Chen, Yu-Ping and Kang, Lin-Ju and Chuang, Tien-Yow and Doong, Ji-Liang and Lee, Shwn-Jan and Tsai, Mei-Wun and Jeng, Suh-Fang and Sung, Wen-Hsu},
  journal={Physical therapy},
  volume={87},
  number={11},
  pages={1441--1457},
  year={2007},
  publisher={American Physical Therapy Association}
}

@article{VR_compliance,
  title={The influence of virtual reality on playfulness in children with cerebral palsy: a pilot study},
  author={Reid, Denise},
  journal={Occupational Therapy International},
  volume={11},
  number={3},
  pages={131--144},
  year={2004},
  publisher={Wiley Online Library}
}

@article{bryanton2006feasibility,
  title={Feasibility, motivation, and selective motor control: virtual reality compared to conventional home exercise in children with cerebral palsy},
  author={Bryanton, C and Bosse, J and Brien, Marie and Mclean, Jennifer and McCormick, Anna and Sveistrup, Heidi},
  journal={Cyberpsychology \& behavior},
  volume={9},
  number={2},
  pages={123--128},
  year={2006},
  publisher={Mary Ann Liebert, Inc. 2 Madison Avenue Larchmont, NY 10538 USA}
}

@article{EyeToy,
  title={A low-cost video game applied for training of upper extremity function in children with cerebral palsy: a pilot study},
  author={Jannink, Michiel JA and Van Der Wilden, Gelske J and Navis, Dorine W and Visser, Gerben and Gussinklo, Jeanine and Ijzerman, Maarten},
  journal={Cyberpsychology \& behavior},
  volume={11},
  number={1},
  pages={27--32},
  year={2008},
  publisher={Mary Ann Liebert, Inc. 140 Huguenot Street, 3rd Floor New Rochelle, NY 10801-5215 USA}
}

@article{reid_VRbenefits,
  title={Benefits of a virtual play rehabilitation environment for children with cerebral palsy on perceptions of self-efficacy: a pilot study},
  author={Reid, Denise T},
  journal={Developmental Neurorehabilitation},
  volume={5},
  number={3},
  pages={141--148},
  year={2002},
  publisher={Informa UK Ltd UK}
}

@article{golomb_VRinhome,
  title={In-home virtual reality videogame telerehabilitation in adolescents with hemiplegic cerebral palsy},
  author={Golomb, Meredith R and McDonald, Brenna C and Warden, Stuart J and Yonkman, Janell and Saykin, Andrew J and Shirley, Bridget and Huber, Meghan and Rabin, Bryan and AbdelBaky, Moustafa and Nwosu, Michelle E and others},
  journal={Archives of physical medicine and rehabilitation},
  volume={91},
  number={1},
  pages={1--8},
  year={2010},
  publisher={Elsevier}
}

@article{deutsch_wii,
  title={Use of a low-cost, commercially available gaming console (Wii) for rehabilitation of an adolescent with cerebral palsy},
  author={Deutsch, Judith E and Borbely, Megan and Filler, Jenny and Huhn, Karen and Guarrera-Bowlby, Phyllis},
  journal={Physical therapy},
  volume={88},
  number={10},
  pages={1196--1207},
  year={2008},
  publisher={American Physical Therapy Association}
}

@online{IMI,
  author = {Deci, Edward and Ryan, Richard},
  title = {Intrinsic Motivation Theory},
  url = {http://www.selfdeterminationtheory.org/intrinsic-motivation-inventory/},
  year = {2000},
  note = "[Online; accessed 3-February-2015]"
}

@article{sonderegger2010influence,
  title={The influence of design aesthetics in usability testing: Effects on user performance and perceived usability},
  author={Sonderegger, Andreas and Sauer, Juergen},
  journal={Applied ergonomics},
  volume={41},
  number={3},
  pages={403--410},
  year={2010},
  publisher={Elsevier}
}

@incollection{SuperPop_NewFeatures,
  title={Increasing \textit{Super Pop VR\textsuperscript{TM}} User’s Intrinsic Motivation by Improving the Game Aesthetics},
  author={Garc{\'\i}a-Vergara, Sergio and Li, Hongfei and Howard, Ayanna M},
  booktitle={Virtual, Augmented and Mixed Reality. Applications of Virtual and Augmented Reality},
  pages={287--297},
  year={2015},
  publisher={Springer},
  note = "[In press.]"
}

@article{mccrea2002biomechanics,
  title={Biomechanics of reaching: clinical implications for individuals with acquired brain injury},
  author={McCrea, Patrick H and Eng, Janice J and Hodgson, Antony J},
  journal={Disability \& Rehabilitation},
  volume={24},
  number={10},
  pages={534--541},
  year={2002},
  publisher={Informa UK Ltd UK}
}

@article{gajdosik1987clinical,
  title={Clinical measurement of range of motion review of goniometry emphasizing reliability and validity},
  author={Gajdosik, Richard L and Bohannon, Richard W},
  journal={Physical Therapy},
  volume={67},
  number={12},
  pages={1867--1872},
  year={1987},
  publisher={American Physical Therapy Association}
}

@book{luttgens1997kinesiology,
  title={Kinesiology: scientific basis of human motion},
  author={Luttgens, Kathryn and Hamilton, Nancy and Deutsch, Helga},
  year={1997},
  publisher={Brown \& Benchmark Madison, WI}
}

@article{fitts1964perceptual,
  title={Perceptual-motor skill learning},
  author={Fitts, Paul M},
  journal={Categories of human learning},
  volume={47},
  pages={381--391},
  year={1964}
}

@inproceedings{mackenzie1992movement,
  title={Movement time prediction in human-computer interfaces},
  author={MacKenzie, I Scott},
  booktitle={Proceedings of Graphics Interface},
  volume={92},
  number={7},
  pages={1},
  year={1992}
}

@article{mayo1991effect,
  title={THE EFFECT OF PHYSICAL THERAPY FOR CHILDREN WITH MOTOR DELAY AND CEREBRAL PALSY: A Randomized Clinical Trial.},
  author={Mayo, Nancy E},
  journal={American Journal of Physical Medicine \& Rehabilitation},
  volume={70},
  number={5},
  pages={258--267},
  year={1991},
  publisher={LWW}
}

@article{shimizu2008analytical,
  title={Analytical inverse kinematic computation for 7-DOF redundant manipulators with joint limits and its application to redundancy resolution},
  author={Shimizu, Masayuki and Kakuya, Hiromu and Yoon, Woo-Keun and Kitagaki, Kosei and Kosuge, Kazuhiro},
  journal={IEEE Robotics},
  volume={24},
  number={5},
  pages={1131--1142},
  year={2008}
}

@book{murray1994mathematical,
  title={A mathematical introduction to robotic manipulation},
  author={Murray, Richard M and Li, Zexiang and Sastry, S Shankar and Sastry, S Shankara},
  year={1994},
  publisher={CRC press}
}

@article{butler2010three,
  title={Three-dimensional kinematics of the upper limb during a Reach and Grasp Cycle for children},
  author={Butler, Erin E and Ladd, Amy L and Louie, Stephanie A and LaMont, Lauren E and Wong, Wendy and Rose, Jessica},
  journal={Gait \& posture},
  volume={32},
  number={1},
  pages={72--77},
  year={2010},
  publisher={Elsevier}
}

@article{platz1994motor,
  title={Motor learning after recovery from hemiparesis},
  author={Platz, T and Denzler, P and Kaden, B and Mauritz, K-H},
  journal={Neuropsychologia},
  volume={32},
  number={10},
  pages={1209--1223},
  year={1994},
  publisher={Elsevier}
}

@article{fetters1987quantitative,
  title={Quantitative assessment of infant reaching movements},
  author={Fetters, Linda and Todd, James},
  journal={Journal of motor behavior},
  volume={19},
  number={2},
  pages={147--166},
  year={1987},
  publisher={Taylor \& Francis}
}

@article{von1991structuring,
  title={Structuring of early reaching movements: a longitudinal study},
  author={von Hofsten, Claes},
  journal={Journal of motor behavior},
  volume={23},
  number={4},
  pages={280--292},
  year={1991},
  publisher={Taylor \& Francis}
}

@article{hofsten1993structuring,
  title={The structuring of neonatal arm movements},
  author={Hofsten, Claes and R{\"o}nnqvist, Louise},
  journal={Child development},
  volume={64},
  number={4},
  pages={1046--1057},
  year={1993},
  publisher={Wiley Online Library}
}

@article{granger1986guide,
  title={Guide for the use of the uniform data set for medical rehabilitation},
  author={Granger, CV and Hamilton, BB and Sherwin, FS},
  journal={Uniform data system for medical rehabilitation project office, Buffalo General Hospital, New York},
  volume={14203},
  year={1986}
}

@article{balliet1986upper,
  title={Upper extremity sensory feedback therapy in chronic cerebrovascular accident patients with impaired expressive aphasia and auditory comprehension},
  author={Balliet, Richard and Levy, Brenda and Blood, K},
  journal={Arch Phys Med Rehabil},
  volume={67},
  number={5},
  pages={304--310},
  year={1986}
}

@article{shaughnessy2006testing,
  title={Testing a Model of Post-Stroke Exercise Behavior},
  author={Shaughnessy, Marianne and Resnick, Barbara M and Macko, Richard F},
  journal={Rehabilitation Nursing},
  volume={31},
  number={1},
  pages={15--21},
  year={2006},
  publisher={Wiley Online Library}
}

@article{liebermann2006enhancement,
  title={Enhancement of motor rehabilitation through the use of information technologies},
  author={Liebermann, Dario G and Buchman, Aron S and Franks, Ian M},
  journal={Clinical biomechanics},
  volume={21},
  number={1},
  pages={8--20},
  year={2006},
  publisher={Elsevier}
}

@article{merians2002virtual,
  title={Virtual reality--augmented rehabilitation for patients following stroke},
  author={Merians, Alma S and Jack, David and Boian, Rares and Tremaine, Marilyn and Burdea, Grigore C and Adamovich, Sergei V and Recce, Michael and Poizner, Howard},
  journal={Physical therapy},
  volume={82},
  number={9},
  pages={898--915},
  year={2002},
  publisher={American Physical Therapy Association}
}

@article{lehmann1975stroke,
  title={Stroke: Does rehabilitation affect outcome?},
  author={Lehmann, JF and DeLateur, BJ and Fowler Jr, RS and Warren, CG and Arnhold, R and Schertzer, G and Hurka, R and Whitmore, JJ and Masock, AJ and Chambers, KH},
  journal={Archives of physical medicine and rehabilitation},
  volume={56},
  number={9},
  pages={375--382},
  year={1975}
}

@article{levin1996interjoint,
  title={Interjoint coordination during pointing movements is disrupted in spastic hemiparesis},
  author={Levin, Mindy F},
  journal={Brain},
  volume={119},
  number={1},
  pages={281--294},
  year={1996},
  publisher={Oxford Univ Press}
}

@article{morasso1981spatial,
  title={Spatial control of arm movements},
  author={Morasso, Pietro},
  journal={Experimental brain research},
  volume={42},
  number={2},
  pages={223--227},
  year={1981},
  publisher={Springer}
}

@article{rojas2009biceps,
  title={Biceps Activity During Windmill Softball Pitching Injury Implications and Comparison With Overhand Throwing},
  author={Rojas, Idubijes L and Provencher, Matthew T and Bhatia, Sanjeev and Foucher, Kharma C and Bach, Bernard R and Romeo, Anthony A and Wimmer, Markus A and Verma, Nikhil N},
  journal={The American journal of sports medicine},
  volume={37},
  number={3},
  pages={558--565},
  year={2009},
  publisher={American Orthopaedic Society for Sports Medicine}
}

@article{hayes2001reliability,
  title={Reliability of five methods for assessing shoulder range of motion},
  author={Hayes, Kimberley and Walton, Judie R and Szomor, Zoltan L and Murrell, George AC},
  journal={Australian Journal of Physiotherapy},
  volume={47},
  number={4},
  pages={289--294},
  year={2001},
  publisher={Elsevier}
}

@article{sabari1998goniometric,
  title={Goniometric assessment of shoulder range of motion: comparison of testing in supine and sitting positions},
  author={Sabari, Joyce S and Maltzev, Inna and Lubarsky, Diane and Liszkay, Eva and Homel, Peter},
  journal={Archives of physical medicine and rehabilitation},
  volume={79},
  number={6},
  pages={647--651},
  year={1998},
  publisher={Elsevier}
}

@article{shannon2001mathematical,
  title={A mathematical theory of communication},
  author={Shannon, Claude Elwood},
  journal={ACM SIGMOBILE Mobile Computing and Communications Review},
  volume={5},
  number={1},
  pages={3--55},
  year={2001},
  publisher={ACM}
}

@article{chang2008constructs,
  title={The constructs of kinematic measures for reaching performance in stroke patients},
  author={Chang, Jyh-Jong and Yang, Yu-Sheng and Wu, Wen-Lan and Guo, Lan-Yuen and Su, Fong-Chin and others},
  journal={J Med Biol Eng},
  volume={28},
  number={2},
  pages={65--70},
  year={2008}
}

@article{morris1998role,
  title={The role of the physiotherapist in quantifying movement fluctuations in Parkinson's disease},
  author={Morris, Meg and Iansek, Robert and Churchyard, Andrew},
  journal={Australian Journal of Physiotherapy},
  volume={44},
  number={2},
  pages={105--114},
  year={1998},
  publisher={Elsevier}
}

@article{morris2006locomotor,
  title={Locomotor training in people with Parkinson disease},
  author={Morris, Meg E},
  journal={Physical Therapy},
  volume={86},
  number={10},
  pages={1426--1435},
  year={2006},
  publisher={American Physical Therapy Association}
}

@article{uno1989formation,
  title={Formation and control of optimal trajectory in human multijoint arm movement},
  author={Uno, Yoji and Kawato, Mitsuo and Suzuki, Rika},
  journal={Biological cybernetics},
  volume={61},
  number={2},
  pages={89--101},
  year={1989},
  publisher={Springer}
}

@article{abend1982human,
  title={Human arm trajectory formation.},
  author={Abend, W and Bizzi, Ea and Morasso, P},
  journal={Brain: a journal of neurology},
  volume={105},
  number={Pt 2},
  pages={331--348},
  year={1982}
}

@article{case1996fine,
  title={Fine motor outcomes in preschool children who receive occupational therapy services},
  author={Case-Smith, Jane},
  journal={American Journal of Occupational Therapy},
  volume={50},
  number={1},
  pages={52--61},
  year={1996},
  publisher={American Occupational Therapy Association}
}

@article{mcauley1989psychometric,
  title={Psychometric properties of the Intrinsic Motivation Inventory in a competitive sport setting: A confirmatory factor analysis},
  author={McAuley, Edward and Duncan, Terry and Tammen, Vance V},
  journal={Research quarterly for exercise and sport},
  volume={60},
  number={1},
  pages={48--58},
  year={1989},
  publisher={Taylor \& Francis}
}

@article{ryan1982control,
  title={Control and information in the intrapersonal sphere: An extension of cognitive evaluation theory.},
  author={Ryan, Richard M},
  journal={Journal of personality and social psychology},
  volume={43},
  number={3},
  pages={450},
  year={1982},
  publisher={American Psychological Association}
}

@article{plant1985intrinsic,
  title={Intrinsic motivation and the effects of self-consciousness, self-awareness, and ego-involvement: An investigation of internally controlling styles},
  author={Plant, Robert W and Ryan, Richard M},
  journal={Journal of Personality},
  volume={53},
  number={3},
  pages={435--449},
  year={1985},
  publisher={Wiley Online Library}
}

@article{ryan1990emotions,
  title={Emotions in nondirected text learning},
  author={Ryan, Richard M and Connell, James P and Plant, Robert W},
  journal={Learning and Individual Differences},
  volume={2},
  number={1},
  pages={1--17},
  year={1990},
  publisher={Elsevier}
}

@inproceedings{chang2012towards,
  title={Towards pervasive physical rehabilitation using Microsoft Kinect},
  author={Chang, Chien-Yen and Lange, Belinda and Zhang, Mi and Koenig, Sebastian and Requejo, Phil and Somboon, Noom and Sawchuk, Alexander and Rizzo, Albert and others},
  booktitle={Pervasive Computing Technologies for Healthcare (PervasiveHealth), 2012 6th International Conference on},
  pages={159--162},
  year={2012},
  organization={IEEE}
}

@inproceedings{stone2012capturing,
  title={Capturing habitual, in-home gait parameter trends using an inexpensive depth camera},
  author={Stone, Erik E and Skubic, Marjorie},
  booktitle={Engineering in Medicine and Biology Society (EMBC), 2012 Annual International Conference of the IEEE},
  pages={5106--5109},
  year={2012},
  organization={IEEE}
}

@online{optitrack_calibration,
  author = {NaturalPoint},
  title = {OptiTrack Calibration},
  url = {http://wiki.optitrack.com/index.php?title=Calibration},
  year = {2015},
  note = "[Online; accessed 13-September-2015]"
}

@inproceedings{ha2011development,
  title={Development of open humanoid platform DARwIn-OP},
  author={Ha, Inyong and Tamura, Yusuke and Asama, Hajime and Han, Jeakweon and Hong, Dennis W},
  booktitle={SICE Annual Conference (SICE), 2011 Proceedings of},
  pages={2178--2181},
  year={2011},
  organization={IEEE}
}

@online{PhysicalTherapyDefinition,
  author = {World Confederation for Physical Therapy},
  title = {Policy Statement: Description of Physical Therapy},
  url = {http://www.wcpt.org/policy/ps-descriptionPT#Ref_1},
  year = {2014},
  note = "[Online; accessed 6-October-2015]"
}

@online{CDC,
  author = {Center for Disease Control},
  title = {Cerebral Palsy (CP)},
  url = {http://www.cdc.gov/ncbddd/cp/index.html},
  year = {2015},
  note = "[Online; accessed 6-October-2015]"
}

@article{anttila2008effectiveness,
  title={Effectiveness of physical therapy interventions for children with cerebral palsy: a systematic review},
  author={Anttila, Heidi and Autti-R{\"a}m{\"o}, Ilona and Suoranta, Jutta and M{\"a}kel{\"a}, Marjukka and Malmivaara, Antti},
  journal={BMC pediatrics},
  volume={8},
  number={1},
  pages={14},
  year={2008},
  publisher={BioMed Central Ltd}
}

@article{chen2015effect,
  title={Effect of a Home-Based Virtual Reality Intervention for Children with Cerebral Palsy Using Super Pop VR Evaluation Metrics: A Feasibility Study},
  author={Chen, Yuping and Garcia-Vergara, Sergio and Howard, Ayanna M},
  journal={Rehabilitation Research and Practice},
  volume={2015},
  year={2015},
  publisher={Hindawi Publishing Corporation}
}

@article{langhorne1996physiotherapy,
  title={Physiotherapy after stroke: more is better?},
  author={Langhorne, Peter and Wagenaar, Robert and Partridge, Cecily},
  journal={Physiotherapy Research International},
  volume={1},
  number={2},
  pages={75--88},
  year={1996},
  publisher={Wiley Online Library}
}

@article{galil2001compliance,
  title={Compliance with home rehabilitation therapy by parents of children with disabilities in Jews and Bedouin in Israel},
  author={Galil, Aharon and Carmel, Sara and Lubetzky, Hasi and Heiman, Nurit},
  journal={Developmental Medicine \& Child Neurology},
  volume={43},
  number={4},
  pages={261--268},
  year={2001},
  publisher={Wiley Online Library}
}

@article{ketelaar2001effects,
  title={Effects of a functional therapy program on motor abilities of children with cerebral palsy},
  author={Ketelaar, Marjolijn and Vermeer, Adri and Hart, Harm't and van Petegem-van Beek, Els and Helders, Paul JM},
  journal={Physical Therapy},
  volume={81},
  number={9},
  pages={1534--1545},
  year={2001},
  publisher={American Physical Therapy Association}
}

@article{boyd2001management,
  title={Management of upper limb dysfunction in children with cerebral palsy: a systematic review},
  author={Boyd, RN and Morris, ME and Graham, HK},
  journal={European Journal of Neurology},
  volume={8},
  number={s5},
  pages={150--166},
  year={2001},
  publisher={Wiley Online Library}
}

@article{bax1964terminology,
  title={Terminology and classification of cerebral palsy},
  author={Bax, Martin CO},
  journal={Developmental Medicine \& Child Neurology},
  volume={6},
  number={3},
  pages={295--297},
  year={1964},
  publisher={Wiley Online Library}
}

@article{sluijs1993correlates,
  title={Correlates of exercise compliance in physical therapy},
  author={Sluijs, Emmy M and Kok, Gerjo J and van der Zee, Jouke},
  journal={Physical therapy},
  volume={73},
  number={11},
  pages={771--782},
  year={1993},
  publisher={American Physical Therapy Association}
}

@article{gordis1979conceptual,
  title={Conceptual and methodologic problems in measuring patient compliance},
  author={Gordis, Leon},
  journal={Compliance in health care},
  pages={23--45},
  year={1979},
  publisher={Johns Hopkins University Press Baltimore}
}

@article{chen2014effect,
  title={Effect of virtual reality on upper extremity function in children with cerebral palsy: a meta-analysis},
  author={Chen, Yu-ping and Lee, Shih-Yu and Howard, Ayanna M},
  journal={Pediatric Physical Therapy},
  volume={26},
  number={3},
  pages={289--300},
  year={2014},
  publisher={LWW}
}

@article{chen2014game,
  title={Game Analysis, Validation, and Potential Application of EyeToy Play and Play 2 to Upper-Extremity Rehabilitation},
  author={Chen, Yu-ping and Caldwell, Michelle and Dickerhoof, Erica and Hall, Anastasia and Odakura, Bryan and Morelli, Kimberly and Fanchiang, Hsin-Chen},
  journal={Rehabilitation research and practice},
  volume={2014},
  year={2014},
  publisher={Hindawi Publishing Corporation}
}

@article{lange2013initial,
  title={Initial usability assessment of off-the-shelf video game consoles for clinical game-based motor rehabilitation},
  author={Lange, B and Flynn, S and Rizzo, A},
  journal={Physical Therapy Reviews},
  year={2013},
  publisher={Maney Publishing}
}

@article{altanis2013children,
  title={Children with motor impairments play a Kinect learning game: First findings from a pilot case in an authentic classroom environment},
  author={Altanis, Giannis and Boloudakis, Michalis and Retalis, Symeon and Nikoy, N},
  journal={Interaction Design and Architecture (s) Journal},
  volume={19},
  pages={91--104},
  year={2013}
}

@inproceedings{lange2011development,
  title={Development and evaluation of low cost game-based balance rehabilitation tool using the Microsoft Kinect sensor},
  author={Lange, Belinda and Chang, Chien-Yen and Suma, Evan and Newman, Bradley and Rizzo, Albert Skip and Bolas, Mark},
  booktitle={Engineering in Medicine and Biology Society, EMBC, 2011 Annual International Conference of the IEEE},
  pages={1831--1834},
  year={2011},
  organization={IEEE}
}

@article{yao2014kinect,
  title={Kinect-based rehabilitation exercises system: Therapist involved approach.},
  author={Yao, Li and Xu, Hui and Li, Andong},
  journal={Bio-medical materials and engineering},
  volume={24},
  number={6},
  pages={2611--2618},
  year={2014}
}

@article{bruininks2005bruininks,
  title={Bruininks-Oseretsky Test of Motor Proficiency, (BOT-2)},
  author={Bruininks, Robert H and others},
  journal={Minneapolis, MN: Pearson Assessment},
  year={2005}
}

@article{lin2012validity,
  title={Validity, responsiveness, minimal detectable change, and minimal clinically important change of the Pediatric Motor Activity Log in children with cerebral palsy},
  author={Lin, Keh-chung and Chen, Hui-fang and Chen, Chia-ling and Wang, Tien-ni and Wu, Ching-yi and Hsieh, Yu-wei and Wu, Li-ling},
  journal={Research in developmental disabilities},
  volume={33},
  number={2},
  pages={570--577},
  year={2012},
  publisher={Elsevier}
}

@book{folio1974peabody,
  title={Peabody developmental motor scales},
  author={Folio, M Rhonda and Fewell, Rebecca R},
  year={1974},
  publisher={George Peabody College for Teachers}
}

@article{klingels2010systematic,
  title={A systematic review of arm activity measures for children with hemiplegic cerebral palsy},
  author={Klingels, Katrijn and Jaspers, Ellen and Van de Winckel, Ann and De Cock, Paul and Molenaers, Guy and Feys, Hilde},
  journal={Clinical rehabilitation},
  year={2010},
  publisher={SAGE Publications}
}

@article{thaut2010rhythmic,
  title={Rhythmic auditory stimulation in rehabilitation of movement disorders: a review of current research},
  author={Thaut, Michael H and Abiru, Mutsumi},
  year={2010},
  publisher={JSTOR}
}

@phdthesis{nixon2013utilization,
  title={Utilization of Auditory Cues to Enhance Therapy for Children with Cerebral Palsy},
  author={Nixon, Mason Earl},
  year={2013},
  school={Georgia Institute of Technology}
}

@article{whitall2000repetitive,
  title={Repetitive bilateral arm training with rhythmic auditory cueing improves motor function in chronic hemiparetic stroke},
  author={Whitall, Jill and Waller, Sandy McCombe and Silver, Kenneth HC and Macko, Richard F},
  journal={Stroke},
  volume={31},
  number={10},
  pages={2390--2395},
  year={2000},
  publisher={Am Heart Assoc}
}

@article{sardelli2011functional,
  title={Functional elbow range of motion for contemporary tasks},
  author={Sardelli, Matthew and Tashjian, Robert Z and MacWilliams, Bruce A},
  journal={The Journal of Bone \& Joint Surgery},
  volume={93},
  number={5},
  pages={471--477},
  year={2011},
  publisher={The Journal of Bone and Joint Surgery, Inc.}
}

