%% This BibTeX bibliography file was created using BibDesk.
%% http://bibdesk.sourceforge.net/


%% Created for Sergio Garcia at 2011-12-11 21:28:48 -0500 


%% Saved with string encoding Unicode (UTF-8) 

@article{morris2000movement,
  title={Movement disorders in people with Parkinson disease: a model for physical therapy},
  author={Morris, Meg E},
  journal={Physical therapy},
  volume={80},
  number={6},
  pages={578--597},
  year={2000},
  publisher={American Physical Therapy Association}
}

@article{wolf1991probability,
  title={Probability of stroke: a risk profile from the Framingham Study.},
  author={Wolf, Philip A and D'Agostino, Ralph B and Belanger, Albert J and Kannel, William B},
  journal={Stroke},
  volume={22},
  number={3},
  pages={312--318},
  year={1991},
  publisher={Am Heart Assoc}
}

@article{CPdefinition,
  title={Proposed definition and classification of cerebral palsy, April 2005},
  author={Bax, Martin and Goldstein, Murray and Rosenbaum, Peter and Leviton, Alan and Paneth, Nigel and Dan, Bernard and Jacobsson, Bo and Damiano, Diane},
  journal={Developmental Medicine \& Child Neurology},
  volume={47},
  number={08},
  pages={571--576},
  year={2005},
  publisher={Cambridge Univ Press}
}

@inproceedings{SuperPop_originalpaper,
  title={{Super Pop VR\textsuperscript{TM}}: {An} adaptable virtual reality game for upper-body rehabilitation},
  author={Garc{\'\i}a-Vergara, Sergio and Chen, Yu-Ping and Howard, Ayanna M},
  booktitle={International Conference on Virtual, Augmented and Mixed Reality},
  pages={40--49},
  year={2013},
  organization={Springer}
}

@inproceedings{SuperPop_RoManpaper,
  title={Developing a baseline for upper-body motor skill assessment using a robotic kinematic model},
  author={Garc{\'\i}a-Vergara, Sergio and Serrano, Miguel M and Chen, Yu-Ping and Howard, Ayanna M},
  booktitle={Robot and Human Interactive Communication, 2014 RO-MAN: The 23rd IEEE International Symposium on},
  pages={911--916},
  year={2014},
  organization={IEEE}
}

@incollection{SuperPop_bookchapter,
  title={Engaging children in play therapy: the coupling of virtual reality games with social robotics},
  author={Garc{\'\i}a-Vergara, Sergio and Brown, LaVonda and Park, Hae Won and Howard, Ayanna M},
  booktitle={Technologies of Inclusive Well-Being},
  pages={139--163},
  year={2014},
  publisher={Springer}
}

@incollection{garcia2014three,
  title={Three-Dimensional Fitt’s Law Model Used to Predict Movement Time in Serious Games for Rehabilitation},
  author={Garc{\'\i}a-Vergara, Sergio and Howard, Ayanna M},
  booktitle={Virtual, Augmented and Mixed Reality. Applications of Virtual and Augmented Reality},
  pages={287--297},
  year={2014},
  publisher={Springer}
}

@article{chen2007use,
  title={Use of virtual reality to improve upper-extremity control in children with cerebral palsy: a single-subject design},
  author={Chen, Yu-Ping and Kang, Lin-Ju and Chuang, Tien-Yow and Doong, Ji-Liang and Lee, Shwn-Jan and Tsai, Mei-Wun and Jeng, Suh-Fang and Sung, Wen-Hsu},
  journal={Physical therapy},
  volume={87},
  number={11},
  pages={1441--1457},
  year={2007},
  publisher={American Physical Therapy Association}
}

@article{VR_compliance,
  title={The influence of virtual reality on playfulness in children with cerebral palsy: a pilot study},
  author={Reid, Denise},
  journal={Occupational Therapy International},
  volume={11},
  number={3},
  pages={131--144},
  year={2004},
  publisher={Wiley Online Library}
}

@article{bryanton2006feasibility,
  title={Feasibility, motivation, and selective motor control: virtual reality compared to conventional home exercise in children with cerebral palsy},
  author={Bryanton, C and Bosse, J and Brien, Marie and Mclean, Jennifer and McCormick, Anna and Sveistrup, Heidi},
  journal={Cyberpsychology \& behavior},
  volume={9},
  number={2},
  pages={123--128},
  year={2006},
  publisher={Mary Ann Liebert, Inc. 2 Madison Avenue Larchmont, NY 10538 USA}
}

@article{EyeToy,
  title={A low-cost video game applied for training of upper extremity function in children with cerebral palsy: a pilot study},
  author={Jannink, Michiel JA and Van Der Wilden, Gelske J and Navis, Dorine W and Visser, Gerben and Gussinklo, Jeanine and Ijzerman, Maarten},
  journal={Cyberpsychology \& behavior},
  volume={11},
  number={1},
  pages={27--32},
  year={2008},
  publisher={Mary Ann Liebert, Inc. 140 Huguenot Street, 3rd Floor New Rochelle, NY 10801-5215 USA}
}

@article{reid_VRbenefits,
  title={Benefits of a virtual play rehabilitation environment for children with cerebral palsy on perceptions of self-efficacy: a pilot study},
  author={Reid, Denise T},
  journal={Developmental Neurorehabilitation},
  volume={5},
  number={3},
  pages={141--148},
  year={2002},
  publisher={Informa UK Ltd UK}
}

@article{golomb_VRinhome,
  title={In-home virtual reality videogame telerehabilitation in adolescents with hemiplegic cerebral palsy},
  author={Golomb, Meredith R and McDonald, Brenna C and Warden, Stuart J and Yonkman, Janell and Saykin, Andrew J and Shirley, Bridget and Huber, Meghan and Rabin, Bryan and AbdelBaky, Moustafa and Nwosu, Michelle E and others},
  journal={Archives of physical medicine and rehabilitation},
  volume={91},
  number={1},
  pages={1--8},
  year={2010},
  publisher={Elsevier}
}

@article{deutsch_wii,
  title={Use of a low-cost, commercially available gaming console (Wii) for rehabilitation of an adolescent with cerebral palsy},
  author={Deutsch, Judith E and Borbely, Megan and Filler, Jenny and Huhn, Karen and Guarrera-Bowlby, Phyllis},
  journal={Physical therapy},
  volume={88},
  number={10},
  pages={1196--1207},
  year={2008},
  publisher={American Physical Therapy Association}
}

@article{IMI,
  title = {{Intrinsic Motivation Theory}},
  journal = {http://www.selfdeterminationtheory.org/intrinsic-motivation-inventory/},
  url = {http://www.selfdeterminationtheory.org/intrinsic-motivation-inventory/},
  year = {2000},
  note = "[Online; accessed 3-February-2015]"
}

@article{sonderegger2010influence,
  title={The influence of design aesthetics in usability testing: Effects on user performance and perceived usability},
  author={Sonderegger, Andreas and Sauer, Juergen},
  journal={Applied ergonomics},
  volume={41},
  number={3},
  pages={403--410},
  year={2010},
  publisher={Elsevier}
}

@inproceedings{SuperPop_NewFeatures,
  title={Increasing {Super Pop VR\textsuperscript{TM}} Users’ Intrinsic Motivation by Improving the Game’s Aesthetics},
  author={Garc{\'\i}a-Vergara, Sergio and Li, Hongfei and Howard, Ayanna M},
  booktitle={International Conference on Universal Access in Human-Computer Interaction},
  pages={432--441},
  year={2015},
  organization={Springer}
}

@article{mccrea2002biomechanics,
  title={Biomechanics of reaching: clinical implications for individuals with acquired brain injury},
  author={McCrea, Patrick H and Eng, Janice J and Hodgson, Antony J},
  journal={Disability \& Rehabilitation},
  volume={24},
  number={10},
  pages={534--541},
  year={2002},
  publisher={Informa UK Ltd UK}
}

@article{gajdosik1987clinical,
  title={Clinical measurement of range of motion review of goniometry emphasizing reliability and validity},
  author={Gajdosik, Richard L and Bohannon, Richard W},
  journal={Physical Therapy},
  volume={67},
  number={12},
  pages={1867--1872},
  year={1987},
  publisher={American Physical Therapy Association}
}

@book{luttgens1997kinesiology,
  title={Kinesiology: scientific basis of human motion},
  author={Luttgens, Kathryn and Hamilton, Nancy and Deutsch, Helga},
  year={1997},
  publisher={Brown \& Benchmark Madison, WI}
}

@article{fitts1964perceptual,
  title={Perceptual-motor skill learning},
  author={Fitts, Paul M},
  journal={Categories of human learning},
  volume={47},
  pages={381--391},
  year={1964}
}

@inproceedings{mackenzie1992movement,
  title={Movement time prediction in human-computer interfaces},
  author={MacKenzie, I Scott},
  booktitle={Proceedings of Graphics Interface},
  volume={92},
  number={7},
  pages={1},
  year={1992}
}

@article{mayo1991effect,
  title={THE EFFECT OF PHYSICAL THERAPY FOR CHILDREN WITH MOTOR DELAY AND CEREBRAL PALSY: A Randomized Clinical Trial.},
  author={Mayo, Nancy E},
  journal={American Journal of Physical Medicine \& Rehabilitation},
  volume={70},
  number={5},
  pages={258--267},
  year={1991},
  publisher={LWW}
}

@article{shimizu2008analytical,
  title={Analytical inverse kinematic computation for 7-DOF redundant manipulators with joint limits and its application to redundancy resolution},
  author={Shimizu, Masayuki and Kakuya, Hiromu and Yoon, Woo-Keun and Kitagaki, Kosei and Kosuge, Kazuhiro},
  journal={IEEE Robotics},
  volume={24},
  number={5},
  pages={1131--1142},
  year={2008}
}

@book{murray1994mathematical,
  title={A mathematical introduction to robotic manipulation},
  author={Murray, Richard M and Li, Zexiang and Sastry, S Shankar and Sastry, S Shankara},
  year={1994},
  publisher={CRC press}
}

@article{butler2010three,
  title={Three-dimensional kinematics of the upper limb during a Reach and Grasp Cycle for children},
  author={Butler, Erin E and Ladd, Amy L and Louie, Stephanie A and LaMont, Lauren E and Wong, Wendy and Rose, Jessica},
  journal={Gait \& posture},
  volume={32},
  number={1},
  pages={72--77},
  year={2010},
  publisher={Elsevier}
}

@article{platz1994motor,
  title={Motor learning after recovery from hemiparesis},
  author={Platz, T and Denzler, P and Kaden, B and Mauritz, K-H},
  journal={Neuropsychologia},
  volume={32},
  number={10},
  pages={1209--1223},
  year={1994},
  publisher={Elsevier}
}

@article{fetters1987quantitative,
  title={Quantitative assessment of infant reaching movements},
  author={Fetters, Linda and Todd, James},
  journal={Journal of motor behavior},
  volume={19},
  number={2},
  pages={147--166},
  year={1987},
  publisher={Taylor \& Francis}
}

@article{von1991structuring,
  title={Structuring of early reaching movements: a longitudinal study},
  author={von Hofsten, Claes},
  journal={Journal of motor behavior},
  volume={23},
  number={4},
  pages={280--292},
  year={1991},
  publisher={Taylor \& Francis}
}

@article{hofsten1993structuring,
  title={The structuring of neonatal arm movements},
  author={Hofsten, Claes and R{\"o}nnqvist, Louise},
  journal={Child development},
  volume={64},
  number={4},
  pages={1046--1057},
  year={1993},
  publisher={Wiley Online Library}
}

@article{granger1986guide,
  title={Guide for the use of the uniform data set for medical rehabilitation},
  author={Granger, CV and Hamilton, BB and Sherwin, FS},
  journal={Uniform data system for medical rehabilitation project office, Buffalo General Hospital, New York},
  volume={14203},
  year={1986}
}

@article{balliet1986upper,
  title={Upper extremity sensory feedback therapy in chronic cerebrovascular accident patients with impaired expressive aphasia and auditory comprehension},
  author={Balliet, Richard and Levy, Brenda and Blood, K},
  journal={Arch Phys Med Rehabil},
  volume={67},
  number={5},
  pages={304--310},
  year={1986}
}

@article{shaughnessy2006testing,
  title={Testing a Model of Post-Stroke Exercise Behavior},
  author={Shaughnessy, Marianne and Resnick, Barbara M and Macko, Richard F},
  journal={Rehabilitation Nursing},
  volume={31},
  number={1},
  pages={15--21},
  year={2006},
  publisher={Wiley Online Library}
}

@article{liebermann2006enhancement,
  title={Enhancement of motor rehabilitation through the use of information technologies},
  author={Liebermann, Dario G and Buchman, Aron S and Franks, Ian M},
  journal={Clinical biomechanics},
  volume={21},
  number={1},
  pages={8--20},
  year={2006},
  publisher={Elsevier}
}

@article{merians2002virtual,
  title={Virtual reality--augmented rehabilitation for patients following stroke},
  author={Merians, Alma S and Jack, David and Boian, Rares and Tremaine, Marilyn and Burdea, Grigore C and Adamovich, Sergei V and Recce, Michael and Poizner, Howard},
  journal={Physical therapy},
  volume={82},
  number={9},
  pages={898--915},
  year={2002},
  publisher={American Physical Therapy Association}
}

@article{lehmann1975stroke,
  title={Stroke: Does rehabilitation affect outcome?},
  author={Lehmann, JF and DeLateur, BJ and Fowler Jr, RS and Warren, CG and Arnhold, R and Schertzer, G and Hurka, R and Whitmore, JJ and Masock, AJ and Chambers, KH},
  journal={Archives of physical medicine and rehabilitation},
  volume={56},
  number={9},
  pages={375--382},
  year={1975}
}

@article{levin1996interjoint,
  title={Interjoint coordination during pointing movements is disrupted in spastic hemiparesis},
  author={Levin, Mindy F},
  journal={Brain},
  volume={119},
  number={1},
  pages={281--294},
  year={1996},
  publisher={Oxford Univ Press}
}

@article{morasso1981spatial,
  title={Spatial control of arm movements},
  author={Morasso, Pietro},
  journal={Experimental brain research},
  volume={42},
  number={2},
  pages={223--227},
  year={1981},
  publisher={Springer}
}

@article{rojas2009biceps,
  title={Biceps Activity During Windmill Softball Pitching Injury Implications and Comparison With Overhand Throwing},
  author={Rojas, Idubijes L and Provencher, Matthew T and Bhatia, Sanjeev and Foucher, Kharma C and Bach, Bernard R and Romeo, Anthony A and Wimmer, Markus A and Verma, Nikhil N},
  journal={The American journal of sports medicine},
  volume={37},
  number={3},
  pages={558--565},
  year={2009},
  publisher={American Orthopaedic Society for Sports Medicine}
}

@article{hayes2001reliability,
  title={Reliability of five methods for assessing shoulder range of motion},
  author={Hayes, Kimberley and Walton, Judie R and Szomor, Zoltan L and Murrell, George AC},
  journal={Australian Journal of Physiotherapy},
  volume={47},
  number={4},
  pages={289--294},
  year={2001},
  publisher={Elsevier}
}

@article{sabari1998goniometric,
  title={Goniometric assessment of shoulder range of motion: comparison of testing in supine and sitting positions},
  author={Sabari, Joyce S and Maltzev, Inna and Lubarsky, Diane and Liszkay, Eva and Homel, Peter},
  journal={Archives of physical medicine and rehabilitation},
  volume={79},
  number={6},
  pages={647--651},
  year={1998},
  publisher={Elsevier}
}

@article{shannon2001mathematical,
  title={A mathematical theory of communication},
  author={Shannon, Claude Elwood},
  journal={ACM SIGMOBILE Mobile Computing and Communications Review},
  volume={5},
  number={1},
  pages={3--55},
  year={2001},
  publisher={ACM}
}

@article{chang2008constructs,
  title={The constructs of kinematic measures for reaching performance in stroke patients},
  author={Chang, Jyh-Jong and Yang, Yu-Sheng and Wu, Wen-Lan and Guo, Lan-Yuen and Su, Fong-Chin and others},
  journal={J Med Biol Eng},
  volume={28},
  number={2},
  pages={65--70},
  year={2008}
}

@article{morris1998role,
  title={The role of the physiotherapist in quantifying movement fluctuations in Parkinson's disease},
  author={Morris, Meg and Iansek, Robert and Churchyard, Andrew},
  journal={Australian Journal of Physiotherapy},
  volume={44},
  number={2},
  pages={105--114},
  year={1998},
  publisher={Elsevier}
}

@article{morris2006locomotor,
  title={Locomotor training in people with Parkinson disease},
  author={Morris, Meg E},
  journal={Physical Therapy},
  volume={86},
  number={10},
  pages={1426--1435},
  year={2006},
  publisher={American Physical Therapy Association}
}

@article{uno1989formation,
  title={Formation and control of optimal trajectory in human multijoint arm movement},
  author={Uno, Yoji and Kawato, Mitsuo and Suzuki, Rika},
  journal={Biological cybernetics},
  volume={61},
  number={2},
  pages={89--101},
  year={1989},
  publisher={Springer}
}

@article{abend1982human,
  title={Human arm trajectory formation.},
  author={Abend, W and Bizzi, Ea and Morasso, P},
  journal={Brain: a journal of neurology},
  volume={105},
  number={Pt 2},
  pages={331--348},
  year={1982}
}

@article{case1996fine,
  title={Fine motor outcomes in preschool children who receive occupational therapy services},
  author={Case-Smith, Jane},
  journal={American Journal of Occupational Therapy},
  volume={50},
  number={1},
  pages={52--61},
  year={1996},
  publisher={American Occupational Therapy Association}
}

@article{mcauley1989psychometric,
  title={Psychometric properties of the Intrinsic Motivation Inventory in a competitive sport setting: A confirmatory factor analysis},
  author={McAuley, Edward and Duncan, Terry and Tammen, Vance V},
  journal={Research quarterly for exercise and sport},
  volume={60},
  number={1},
  pages={48--58},
  year={1989},
  publisher={Taylor \& Francis}
}

@article{ryan1982control,
  title={Control and information in the intrapersonal sphere: An extension of cognitive evaluation theory.},
  author={Ryan, Richard M},
  journal={Journal of personality and social psychology},
  volume={43},
  number={3},
  pages={450},
  year={1982},
  publisher={American Psychological Association}
}

@article{plant1985intrinsic,
  title={Intrinsic motivation and the effects of self-consciousness, self-awareness, and ego-involvement: An investigation of internally controlling styles},
  author={Plant, Robert W and Ryan, Richard M},
  journal={Journal of Personality},
  volume={53},
  number={3},
  pages={435--449},
  year={1985},
  publisher={Wiley Online Library}
}

@article{ryan1990emotions,
  title={Emotions in nondirected text learning},
  author={Ryan, Richard M and Connell, James P and Plant, Robert W},
  journal={Learning and Individual Differences},
  volume={2},
  number={1},
  pages={1--17},
  year={1990},
  publisher={Elsevier}
}

@inproceedings{chang2012towards,
  title={Towards pervasive physical rehabilitation using Microsoft Kinect},
  author={Chang, Chien-Yen and Lange, Belinda and Zhang, Mi and Koenig, Sebastian and Requejo, Phil and Somboon, Noom and Sawchuk, Alexander and Rizzo, Albert and others},
  booktitle={Pervasive Computing Technologies for Healthcare (PervasiveHealth), 2012 6th International Conference on},
  pages={159--162},
  year={2012},
  organization={IEEE}
}

@inproceedings{stone2012capturing,
  title={Capturing habitual, in-home gait parameter trends using an inexpensive depth camera},
  author={Stone, Erik E and Skubic, Marjorie},
  booktitle={Engineering in Medicine and Biology Society (EMBC), 2012 Annual International Conference of the IEEE},
  pages={5106--5109},
  year={2012},
  organization={IEEE}
}

@article{optitrack_calibration,
  title = {{OptiTrack Calibration}},
  journal = {http://wiki.optitrack.com/index.php?title=Calibration},
  url = {http://wiki.optitrack.com/index.php?title=Calibration},
  year = {2015},
  note = "[Online; accessed 13-September-2015]"
}

@inproceedings{ha2011development,
  title={Development of open humanoid platform DARwIn-OP},
  author={Ha, Inyong and Tamura, Yusuke and Asama, Hajime and Han, Jeakweon and Hong, Dennis W},
  booktitle={SICE Annual Conference (SICE), 2011 Proceedings of},
  pages={2178--2181},
  year={2011},
  organization={IEEE}
}

@article{PhysicalTherapyDefinition,
  title = {{World Confederation for Physical Therapy}},
  journal = {http://www.wcpt.org/policy/ps-descriptionPT},
  url = {http://www.wcpt.org/policy/ps-descriptionPT},
  year = {2014},
  note = "[Online; accessed 6-October-2015]"
}

@article{CDC,
  title = {{Center for Disease Control and Precention}},
  journal = {http://www.cdc.gov/ncbddd/cp/index.html},
  url = {http://www.cdc.gov/ncbddd/cp/index.html},
  year = {2015},
  note = "[Online; accessed 6-October-2015]"
}

@article{anttila2008effectiveness,
  title={Effectiveness of physical therapy interventions for children with cerebral palsy: a systematic review},
  author={Anttila, Heidi and Autti-R{\"a}m{\"o}, Ilona and Suoranta, Jutta and M{\"a}kel{\"a}, Marjukka and Malmivaara, Antti},
  journal={BMC pediatrics},
  volume={8},
  number={1},
  pages={14},
  year={2008},
  publisher={BioMed Central Ltd}
}

@article{chen2015effect,
  title={Effect of a Home-Based Virtual Reality Intervention for Children with Cerebral Palsy Using {Super Pop VR}\textsuperscript{TM} Evaluation Metrics: {A} Feasibility Study},
  author={Chen, Yuping and Garc{\'\i}a-Vergara, Sergio and Howard, Ayanna M},
  journal={Rehabilitation Research and Practice},
  volume={2015},
  year={2015},
  publisher={Hindawi Publishing Corporation}
}

@article{langhorne1996physiotherapy,
  title={Physiotherapy after stroke: more is better?},
  author={Langhorne, Peter and Wagenaar, Robert and Partridge, Cecily},
  journal={Physiotherapy Research International},
  volume={1},
  number={2},
  pages={75--88},
  year={1996},
  publisher={Wiley Online Library}
}

@article{galil2001compliance,
  title={Compliance with home rehabilitation therapy by parents of children with disabilities in Jews and Bedouin in Israel},
  author={Galil, Aharon and Carmel, Sara and Lubetzky, Hasi and Heiman, Nurit},
  journal={Developmental Medicine \& Child Neurology},
  volume={43},
  number={4},
  pages={261--268},
  year={2001},
  publisher={Wiley Online Library}
}

@article{ketelaar2001effects,
  title={Effects of a functional therapy program on motor abilities of children with cerebral palsy},
  author={Ketelaar, Marjolijn and Vermeer, Adri and Hart, Harm't and van Petegem-van Beek, Els and Helders, Paul JM},
  journal={Physical Therapy},
  volume={81},
  number={9},
  pages={1534--1545},
  year={2001},
  publisher={American Physical Therapy Association}
}

@article{boyd2001management,
  title={Management of upper limb dysfunction in children with cerebral palsy: a systematic review},
  author={Boyd, RN and Morris, ME and Graham, HK},
  journal={European Journal of Neurology},
  volume={8},
  number={s5},
  pages={150--166},
  year={2001},
  publisher={Wiley Online Library}
}

@article{bax1964terminology,
  title={Terminology and classification of cerebral palsy},
  author={Bax, Martin CO},
  journal={Developmental Medicine \& Child Neurology},
  volume={6},
  number={3},
  pages={295--297},
  year={1964},
  publisher={Wiley Online Library}
}

@article{sluijs1993correlates,
  title={Correlates of exercise compliance in physical therapy},
  author={Sluijs, Emmy M and Kok, Gerjo J and van der Zee, Jouke},
  journal={Physical therapy},
  volume={73},
  number={11},
  pages={771--782},
  year={1993},
  publisher={American Physical Therapy Association}
}

@article{gordis1979conceptual,
  title={Conceptual and methodologic problems in measuring patient compliance},
  author={Gordis, Leon},
  journal={Compliance in health care},
  pages={23--45},
  year={1979},
  publisher={Johns Hopkins University Press Baltimore}
}

@article{chen2014effect,
  title={Effect of virtual reality on upper extremity function in children with cerebral palsy: a meta-analysis},
  author={Chen, Yu-ping and Lee, Shih-Yu and Howard, Ayanna M},
  journal={Pediatric Physical Therapy},
  volume={26},
  number={3},
  pages={289--300},
  year={2014},
  publisher={LWW}
}

@article{chen2014game,
  title={Game Analysis, Validation, and Potential Application of EyeToy Play and Play 2 to Upper-Extremity Rehabilitation},
  author={Chen, Yu-ping and Caldwell, Michelle and Dickerhoof, Erica and Hall, Anastasia and Odakura, Bryan and Morelli, Kimberly and Fanchiang, Hsin-Chen},
  journal={Rehabilitation research and practice},
  volume={2014},
  year={2014},
  publisher={Hindawi Publishing Corporation}
}

@article{lange2013initial,
  title={Initial usability assessment of off-the-shelf video game consoles for clinical game-based motor rehabilitation},
  author={Lange, B and Flynn, S and Rizzo, A},
  journal={Physical Therapy Reviews},
  year={2013},
  publisher={Maney Publishing}
}

@article{altanis2013children,
  title={Children with motor impairments play a Kinect learning game: First findings from a pilot case in an authentic classroom environment},
  author={Altanis, Giannis and Boloudakis, Michalis and Retalis, Symeon and Nikoy, N},
  journal={Interaction Design and Architecture (s) Journal},
  volume={19},
  pages={91--104},
  year={2013}
}

@inproceedings{lange2011development,
  title={Development and evaluation of low cost game-based balance rehabilitation tool using the Microsoft Kinect sensor},
  author={Lange, Belinda and Chang, Chien-Yen and Suma, Evan and Newman, Bradley and Rizzo, Albert Skip and Bolas, Mark},
  booktitle={Engineering in Medicine and Biology Society, EMBC, 2011 Annual International Conference of the IEEE},
  pages={1831--1834},
  year={2011},
  organization={IEEE}
}

@article{yao2014kinect,
  title={Kinect-based rehabilitation exercises system: Therapist involved approach.},
  author={Yao, Li and Xu, Hui and Li, Andong},
  journal={Bio-medical materials and engineering},
  volume={24},
  number={6},
  pages={2611--2618},
  year={2014}
}

@article{bruininks2005bruininks,
  title={Bruininks-Oseretsky Test of Motor Proficiency, (BOT-2)},
  author={Bruininks, Robert H and Bruininks, Brett D},
  journal={Minneapolis, MN: Pearson Assessment},
  year={2005}
}

@article{lin2012validity,
  title={Validity, responsiveness, minimal detectable change, and minimal clinically important change of the Pediatric Motor Activity Log in children with cerebral palsy},
  author={Lin, Keh-chung and Chen, Hui-fang and Chen, Chia-ling and Wang, Tien-ni and Wu, Ching-yi and Hsieh, Yu-wei and Wu, Li-ling},
  journal={Research in developmental disabilities},
  volume={33},
  number={2},
  pages={570--577},
  year={2012},
  publisher={Elsevier}
}

@book{folio1974peabody,
  title={Peabody developmental motor scales},
  author={Folio, M Rhonda and Fewell, Rebecca R},
  year={1974},
  publisher={George Peabody College for Teachers}
}

@article{klingels2010systematic,
  title={A systematic review of arm activity measures for children with hemiplegic cerebral palsy},
  author={Klingels, Katrijn and Jaspers, Ellen and Van de Winckel, Ann and De Cock, Paul and Molenaers, Guy and Feys, Hilde},
  journal={Clinical rehabilitation},
  year={2010},
  publisher={SAGE Publications}
}

@article{thaut2010rhythmic,
  title={Rhythmic auditory stimulation in rehabilitation of movement disorders: a review of current research},
  author={Thaut, Michael H and Abiru, Mutsumi},
  year={2010},
  publisher={JSTOR}
}

@phdthesis{nixon2013utilization,
  title={Utilization of Auditory Cues to Enhance Therapy for Children with Cerebral Palsy},
  author={Nixon, Mason Earl},
  year={2013},
  school={Georgia Institute of Technology}
}

@article{whitall2000repetitive,
  title={Repetitive bilateral arm training with rhythmic auditory cueing improves motor function in chronic hemiparetic stroke},
  author={Whitall, Jill and Waller, Sandy McCombe and Silver, Kenneth HC and Macko, Richard F},
  journal={Stroke},
  volume={31},
  number={10},
  pages={2390--2395},
  year={2000},
  publisher={Am Heart Assoc}
}

@article{sardelli2011functional,
  title={Functional elbow range of motion for contemporary tasks},
  author={Sardelli, Matthew and Tashjian, Robert Z and MacWilliams, Bruce A},
  journal={The Journal of Bone \& Joint Surgery},
  volume={93},
  number={5},
  pages={471--477},
  year={2011},
  publisher={The Journal of Bone and Joint Surgery, Inc.}
}

@article{forkan2006exercise,
  title={Exercise adherence following physical therapy intervention in older adults with impaired balance},
  author={Forkan, Rebecca and Pumper, Breeanna and Smyth, Nicole and Wirkkala, Hilary and Ciol, Marcia A and Shumway-Cook, Anne},
  journal={Physical Therapy},
  volume={86},
  number={3},
  pages={401--410},
  year={2006},
  publisher={American Physical Therapy Association}
}

@article{galloway2008babies,
  title={Babies driving robots: self-generated mobility in very young infants},
  author={Galloway, James C Cole and Ryu, Ji-Chul and Agrawal, Sunil K},
  journal={Intelligent Service Robotics},
  volume={1},
  number={2},
  pages={123--134},
  year={2008},
  publisher={Springer}
}

@article{krebs1998robot,
  title={Robot-aided neurorehabilitation},
  author={Krebs, H Igo and Hogan, Neville and Aisen, Mindy L and Volpe, Bruce T},
  journal={IEEE transactions on rehabilitation engineering},
  volume={6},
  number={1},
  pages={75--87},
  year={1998},
  publisher={IEEE}
}

@article{volpe2000novel,
  title={A novel approach to stroke rehabilitation robot-aided sensorimotor stimulation},
  author={Volpe, BT and Krebs, HI and Hogan, N and Edelstein, L and Diels, C and Aisen, M},
  journal={Neurology},
  volume={54},
  number={10},
  pages={1938--1944},
  year={2000},
  publisher={AAN Enterprises}
}

@article{burgar2000development,
  title={Development of robots for rehabilitation therapy: the Palo Alto VA/Stanford experience},
  author={Burgar, Charles G and Lum, Peter S and Shor, Peggy C and Van der Loos, HF Machiel},
  journal={Journal of rehabilitation research and development},
  volume={37},
  number={6},
  pages={663--674},
  year={2000},
  publisher={REHIBILITATION RESEARCH \& DEVELOPMENT SERVICE}
}

@inproceedings{colombo2005upper,
  title={Upper limb rehabilitation and evaluation of stroke patients using robot-aided techniques},
  author={Colombo, Roberto and Pisano, Fabrizio and Micera, Silvestro and Mazzone, Alessandra and Delconte, Carmen and Carrozza, M Chiara and Dario, Paolo and Minuco, Giuseppe},
  booktitle={9th International Conference on Rehabilitation Robotics, 2005. ICORR 2005.},
  pages={515--518},
  year={2005},
  organization={IEEE}
}

@article{troke2005normative,
  title={A normative database of lumbar spine ranges of motion},
  author={Troke, Michael and Moore, Ann P and Maillardet, Frederick J and Cheek, Elizabeth},
  journal={Manual therapy},
  volume={10},
  number={3},
  pages={198--206},
  year={2005},
  publisher={Elsevier}
}

@book{sutherland1988development,
  title={The development of mature walking},
  author={Sutherland, David and Olshen, Richard and Biden, Edmund and Wyatt, Marilynn},
  year={1988},
  publisher={Cambridge University Press}
}

@article{garcia2016validation,
  title={Validation of Accuracy of the {Super Pop VR\textsuperscript{TM}} Kinematic Assessment Methodology Using Markerless Versus Marker-Based Motion Capture Systems},
  author={Garc{\'\i}a-Vergara, Sergio and Robinette, Paul and Chen, Yu-Ping and Howard, Ayanna M},
  year={2016},
  publisher={Georgia Institute of Technology},
  note="[Online; accessed 25-April-2016:http://hdl.handle.net/1853/54727]."
}

@inproceedings{garcia2016validation2,
  title={Validation of a Physical Rehabilitation Game using Markerless versus Marker-based Motion Capture Systems},
  author={Garc{\'\i}a-Vergara, Sergio and Robinette, Paul and Chen, Yu-Ping and Howard, Ayanna M},
  booktitle={IEEE Engineering in Medicine and Biology Society, 2016 EMBS: The 38th Annual International Conference of the},
  organization={IEEE},
  year={2016},
  note="[In Press.]"
}

@book{portney2015foundations,
  title={Foundations of clinical research: applications to practice},
  author={Portney, Leslie G and Watkins, Mary P},
  year={2015},
  publisher={FA Davis}
}

@article{metcalf2013markerless,
  title={Markerless motion capture and measurement of hand kinematics: validation and application to home-based upper limb rehabilitation},
  author={Metcalf, Cheryl D and Robinson, Rebecca and Malpass, Adam J and Bogle, Tristan P and Dell, Thomas A and Harris, Chris and Demain, Sara H},
  journal={IEEE Transactions on Biomedical Engineering},
  volume={60},
  number={8},
  pages={2184--2192},
  year={2013},
  publisher={IEEE}
}

@inproceedings{chen2015test-retest_adults,
  title={Test-Retest Reliability and Minical Detectable Change of {Super Pop VR\textsuperscript{TM}} in Healthy Adults},
  author={Chen, Yu-Ping and Garc{\'\i}a-Vergara, Sergio and Howard, Ayanna M},
  booktitle={Combined Sections Meeting, America Physical Therapy Association},
  year={2015}
}

@inproceedings{chen2016test-retest_TDkids,
  title={Test-Retest Reliability and Minical Detectable Change in the {Super Pop VR\textsuperscript{TM}} game in Healthy Children},
  author={Bermudez, E and Layman, M and Shepard, E and Chen, Yu-Ping and Garc{\'\i}a-Vergara, Sergio and Howard, Ayanna M},
  booktitle={Combined Sections Meeting, America Physical Therapy Association},
  year={2016}
}

@inproceedings{chen2017test-retest_CPkids,
  title={Test-Retest Reliability and Minical Detectable Change in the {Super Pop VR\textsuperscript{TM}} game in Children with and without cerebral palsy},
  author={Beegle, C and Rollins, A and Tyra, J and Chen, Yu-Ping and Garc{\'\i}a-Vergara, Sergio and Howard, Ayanna M},
  booktitle={Combined Sections Meeting, America Physical Therapy Association},
  year={2017}
}

@article{cohen1988statistical,
  title={Statistical power analysis for the behavior science},
  author={Cohen, Jacob},
  journal={Lawrance Eribaum Association},
  year={1988}
}

@article{bland1986statistical,
  title={Statistical methods for assessing agreement between two methods of clinical measurement},
  author={Bland, J Martin and Altman, DouglasG},
  journal={The lancet},
  volume={327},
  number={8476},
  pages={307--310},
  year={1986},
  publisher={Elsevier}
}

@article{mann2012quantifying,
  title={Quantifying Clinically Significant Change A Brief Review of Methods and Presentation of a Hybrid Approach},
  author={Mann, Barton J and Gosens, Taco and Lyman, Stephen},
  journal={The American journal of sports medicine},
  volume={40},
  number={10},
  pages={2385--2393},
  year={2012},
  publisher={American Orthopaedic Society for Sports Medicine}
}

@article{clark2012validity,
  title={Validity of the Microsoft Kinect for assessment of postural control},
  author={Clark, Ross A and Pua, Yong-Hao and Fortin, Karine and Ritchie, Callan and Webster, Kate E and Denehy, Linda and Bryant, Adam L},
  journal={Gait \& posture},
  volume={36},
  number={3},
  pages={372--377},
  year={2012},
  publisher={Elsevier}
}

@book{fisher1925statistical,
  title={Statistical methods for research workers},
  author={Fisher, Ronald Aylmer},
  year={1925},
  publisher={Genesis Publishing Pvt Ltd}
}

@article{weir2005quantifying,
  title={Quantifying test-retest reliability using the intraclass correlation coefficient and the {SEM}.},
  author={Weir, Joseph P},
  journal={The Journal of Strength \& Conditioning Research},
  volume={19},
  number={1},
  pages={231--240},
  year={2005},
  publisher={LWW}
}

@article{chinn1987measuring,
  title={On measuring repeatability of data from self-administered questionnaires},
  author={Chinn, S and Burney, PGJ},
  journal={International Journal of Epidemiology},
  volume={16},
  number={1},
  pages={121--127},
  year={1987},
  publisher={IEA}
}

@article{shrout1979intraclass,
  title={Intraclass correlations: uses in assessing rater reliability.},
  author={Shrout, Patrick E and Fleiss, Joseph L},
  journal={Psychological bulletin},
  volume={86},
  number={2},
  pages={420},
  year={1979},
  publisher={American Psychological Association}
}

@article{bonnechere2014validity,
  title={Validity and reliability of the {Kinect} within functional assessment activities: comparison with standard stereophotogrammetry},
  author={Bonnechere, Bruno and Jansen, Bart and Salvia, P and Bouzahouene, H and Omelina, L and Moiseev, Fedor and Sholukha, Victor and Cornelis, Jan and Rooze, Marcel and Jan, S Van Sint},
  journal={Gait \& posture},
  volume={39},
  number={1},
  pages={593--598},
  year={2014},
  publisher={Elsevier}
}

@inproceedings{brown2015evaluating,
  title={Evaluating the effect of robot feedback on motor skill performance in therapy games},
  author={Brown, LaVonda and Garc{\'\i}a-Vergara, Sergio and Howard, Ayanna M},
  booktitle={Systems, Man, and Cybernetics (SMC), 2015 IEEE International Conference on},
  pages={1060--1065},
  year={2015},
  organization={IEEE}
}

@inproceedings{zheng2014autonomous,
  title={Autonomous robot-mediated imitation learning for children with autism},
  author={Zheng, Zhi and Das, Shuvajit and Young, Eric M and Swanson, Amy and Warren, Zachary and Sarkar, Nilanjan},
  booktitle={2014 IEEE International Conference on Robotics and Automation (ICRA)},
  pages={2707--2712},
  year={2014},
  organization={IEEE}
}

@article{thomas1980acquisition,
  title={Acquisition of motor skills: {Information} processing differences between children and adults},
  author={Thomas, Jerry R},
  journal={Research Quarterly for Exercise and Sport},
  volume={51},
  number={1},
  pages={158--173},
  year={1980},
  publisher={Taylor \& Francis}
}

@article{mcardle2001children,
  title={Children’s play},
  author={McArdle, Paul},
  journal={Child: Care, Health and Development},
  volume={27},
  number={6},
  pages={509--514},
  year={2001},
  publisher={Wiley Online Library}
}

@article{ketelaar1998parental,
  title={Parental Participation in Intervention Programs for Children with Cerebral Palsy A Review of Research},
  author={Ketelaar, Marjolijn and Vermeer, Adri and Helders, Paul JM and Hart, Harm't},
  journal={Topics in Early Childhood Special Education},
  volume={18},
  number={2},
  pages={108--117},
  year={1998},
  publisher={SAGE Publications}
}

@article{novak2006home,
  title={Home programmes in paediatric occupational therapy for children with cerebral palsy: Where to start?},
  author={Novak, Iona and Cusick, Anne},
  journal={Australian Occupational Therapy Journal},
  volume={53},
  number={4},
  pages={251--264},
  year={2006},
  publisher={Wiley Online Library}
}

@article{valvano2006activity,
  title={Activity-focused Motor Interventions for Infants and Young Children With Neurological Conditions},
  author={Valvano, Joanne and Rapport, Mary Jane},
  journal={Infants \& Young Children},
  volume={19},
  number={4},
  pages={292--307},
  year={2006},
  publisher={LWW}
}

@inproceedings{howard2013non,
  title={Non-contact versus contact-based sensing methodologies for in-home upper arm robotic rehabilitation},
  author={Howard, Ayanna and Brooks, Douglas and Brown, Edward and Gebregiorgis, Adey and Chen, Yu-Ping},
  booktitle={Rehabilitation Robotics (ICORR), 2013 IEEE International Conference on},
  pages={1--6},
  year={2013},
  organization={IEEE}
}

@inproceedings{brooks2010computational,
  title={A computational method for physical rehabilitation assessment},
  author={Brooks, Douglas and Howard, Ayanna M},
  booktitle={Biomedical Robotics and Biomechatronics (BioRob), 2010 3rd IEEE RAS and EMBS International Conference on},
  pages={442--447},
  year={2010},
  organization={IEEE}
}

@article{wood2013feasibility,
  title={Feasibility of gestural feedback treatment for upper extremity movement in children with cerebral palsy},
  author={Wood, Krista Coleman and Lathan, Corinna E and Kaufman, Kenton R},
  journal={IEEE Transactions on Neural Systems and Rehabilitation Engineering},
  volume={21},
  number={2},
  pages={300--305},
  year={2013},
  publisher={IEEE}
}

@article{swinnen1997interlimb,
  title={Interlimb coordination: Learning and transfer under different feedback conditions},
  author={Swinnen, Stephan P and Lee, Timothy D and Verschueren, Sabine and Serrien, Deborah J and Bogaerds, Hedwig},
  journal={Human movement science},
  volume={16},
  number={6},
  pages={749--785},
  year={1997},
  publisher={Elsevier}
}

@article{reid2010repeatability,
  title={Repeatability of upper limb kinematics for children with and without cerebral palsy},
  author={Reid, Siobh{\'a}n and Elliott, Catherine and Alderson, Jacqueline and Lloyd, David and Elliott, Bruce},
  journal={Gait \& posture},
  volume={32},
  number={1},
  pages={10--17},
  year={2010},
  publisher={Elsevier}
}

@article{schneiberg2010reliability,
  title={Reliability of kinematic measures of functional reaching in children with cerebral palsy},
  author={Schneiberg, Sheila and McKinley, Patricia and Gisel, Erika and Sveistrup, Heidi and Levin, Mindy F},
  journal={Developmental Medicine \& Child Neurology},
  volume={52},
  number={7},
  pages={e167--e173},
  year={2010},
  publisher={Wiley Online Library}
}

@article{grimshaw19983,
  title={The 3-dimensional kinematics of the walking gait cycle of children aged between 10 and 24 months: cross sectional and repeated measures},
  author={Grimshaw, Paul N and Marques-Bruna, Pascual and Salo, Aki and Messenger, Neil},
  journal={Gait \& posture},
  volume={7},
  number={1},
  pages={7--15},
  year={1998},
  publisher={Elsevier}
}

@article{schmidt2003motor,
  title={Motor schema theory after 27 years: reflections and implications for a new theory},
  author={Schmidt, Richard A},
  journal={Research quarterly for exercise and sport},
  volume={74},
  number={4},
  pages={366--375},
  year={2003},
  publisher={Taylor \& Francis}
}

@article{fitts1962factors,
  title={Factors in complex skill training},
  author={Fitts, Paul M},
  journal={Training research and education},
  pages={177--197},
  year={1962},
  publisher={University of Pittsburgh Press Pittsburgh}
}

@article{gentile1972working,
  title={A working model of skill acquisition with application to teaching},
  author={Gentile, Ann M},
  journal={Quest},
  volume={17},
  number={1},
  pages={3--23},
  year={1972},
  publisher={Taylor \& Francis}
}

@inproceedings{tang2015physio,
  title={Physio@ Home: Exploring visual guidance and feedback techniques for physiotherapy exercises},
  author={Tang, Richard and Yang, Xing-Dong and Bateman, Scott and Jorge, Joaquim and Tang, Anthony},
  booktitle={Proceedings of the 33rd Annual ACM Conference on Human Factors in Computing Systems},
  pages={4123--4132},
  year={2015},
  organization={ACM}
}

@article{van2006extrinsic,
  title={Extrinsic feedback for motor learning after stroke: what is the evidence?},
  author={Van Vliet, Paulette M and Wulf, Gabriele},
  journal={Disability and rehabilitation},
  volume={28},
  number={13-14},
  pages={831--840},
  year={2006},
  publisher={Taylor \& Francis}
}

@article{ware1985linear,
  title={Linear models for the analysis of longitudinal studies},
  author={Ware, James H},
  journal={The American Statistician},
  volume={39},
  number={2},
  pages={95--101},
  year={1985},
  publisher={Taylor \& Francis Group}
}

@misc{goldsteindesign,
  title={The Design and Analysis of Longitudinal Studies. 1979},
  author={Goldstein, H},
  publisher={Academic Press, London}
}

@book{baltes1979longitudinal,
  title={Longitudinal research in the study of behavior and development},
  author={Baltes, Paul B and Nesselroade, John R},
  year={1979},
  publisher={Academic Press}
}

@inproceedings{macqueen1967some,
  title={Some methods for classification and analysis of multivariate observations},
  author={MacQueen, James and others},
  booktitle={Proceedings of the fifth Berkeley symposium on mathematical statistics and probability},
  volume={1},
  number={14},
  pages={281--297},
  year={1967},
  organization={Oakland, CA, USA.}
}

@misc{vladimir1995nature,
  title={The nature of statistical learning theory},
  author={Vladimir, Vapnik N and Vapnik, V},
  year={1995},
  publisher={Springer Heidelberg}
}

@article{chan2002comparison,
  title={Comparison of machine learning and traditional classifiers in glaucoma diagnosis},
  author={Chan, Kwokleung and Lee, Te-Won and Sample, Pamela A and Goldbaum, Michael H and Weinreb, Robert N and Sejnowski, Terrence J},
  journal={IEEE Transactions on Biomedical Engineering},
  volume={49},
  number={9},
  pages={963--974},
  year={2002},
  publisher={IEEE}
}

@article{pang2003comparison,
  title={A comparison of algorithms for detection of spikes in the electroencephalogram},
  author={Pang, Clement CC and Upton, Adrian RM and Shine, Glenn and Kamath, Markad V},
  journal={IEEE Transactions on Biomedical Engineering},
  volume={50},
  number={4},
  pages={521--526},
  year={2003},
  publisher={IEEE}
}

@inproceedings{osuna1997training,
  title={Training support vector machines: an application to face detection},
  author={Osuna, Edgar and Freund, Robert and Girosit, Federico},
  booktitle={Computer vision and pattern recognition, 1997. Proceedings., 1997 IEEE computer society conference on},
  pages={130--136},
  year={1997},
  organization={IEEE}
}

@inproceedings{dumais1998inductive,
  title={Inductive learning algorithms and representations for text categorization},
  author={Dumais, Susan and Platt, John and Heckerman, David and Sahami, Mehran},
  booktitle={Proceedings of the seventh international conference on Information and knowledge management},
  pages={148--155},
  year={1998},
  organization={ACM}
}

@inproceedings{scholkopf1996incorporating,
  title={Incorporating invariances in support vector learning machines},
  author={Sch{\"o}lkopf, Bernhard and Burges, Chris and Vapnik, Vladimir},
  booktitle={International Conference on Artificial Neural Networks},
  pages={47--52},
  year={1996},
  organization={Springer}
}

@article{kamruzzaman2006support,
  title={Support vector machines and other pattern recognition approaches to the diagnosis of cerebral palsy gait},
  author={Kamruzzaman, Joarder and Begg, Rezaul K},
  journal={IEEE Transactions on Biomedical Engineering},
  volume={53},
  number={12},
  pages={2479--2490},
  year={2006},
  publisher={IEEE}
}

@article{mohamad2013standardization,
  title={Standardization and its effects on k-means clustering algorithm},
  author={Mohamad, Ismail Bin and Usman, Dauda},
  journal={Res. J. Appl. Sci. Eng. Technol},
  volume={6},
  number={17},
  pages={3299--3303},
  year={2013}
}

@article{powers2011evaluation,
  title={Evaluation: from precision, recall and F-measure to ROC, informedness, markedness and correlation},
  author={Powers, David Martin},
  year={2011},
  publisher={Bioinfo Publications}
}

@article{hsu2003practical,
  title={A practical guide to support vector classification},
  author={Hsu, Chih-Wei and Chang, Chih-Chung and Lin, Chih-Jen and others},
  year={2003}
}

@article{begg2005machine,
  title={A machine learning approach for automated recognition of movement patterns using basic, kinetic and kinematic gait data},
  author={Begg, Rezaul and Kamruzzaman, Joarder},
  journal={Journal of biomechanics},
  volume={38},
  number={3},
  pages={401--408},
  year={2005},
  publisher={Elsevier}
}

@misc{ng2008generative,
  title={Generative learning algorithms},
  author={Ng, Andrew},
  year={2008}
}

@article{jordan2002discriminative,
  title={On discriminative vs. generative classifiers: A comparison of logistic regression and naive bayes},
  author={Jordan, A},
  journal={Advances in neural information processing systems},
  volume={14},
  pages={841},
  year={2002}
}

@article{jessep2009long,
  title={Long-term clinical benefits and costs of an integrated rehabilitation programme compared with outpatient physiotherapy for chronic knee pain},
  author={Jessep, Sally A and Walsh, Nicola E and Ratcliffe, Julie and Hurley, Michael V},
  journal={Physiotherapy},
  volume={95},
  number={2},
  pages={94--102},
  year={2009},
  publisher={Elsevier}
}

@article{wijkstra1995long,
  title={Long term benefits of rehabilitation at home on quality of life and exercise tolerance in patients with chronic obstructive pulmonary disease.},
  author={Wijkstra, PJ and Ten Vergert, EM and Van Altena, R and Otten, V and Kraan, J and Postma, DS and Koeter, GH},
  journal={Thorax},
  volume={50},
  number={8},
  pages={824--828},
  year={1995},
  publisher={BMJ Publishing Group Ltd and British Thoracic Society}
}

@inproceedings{garcia2016increasing,
  title={Increasing the efficacy of rehabilitation protocols for children via a robotic playmate providing real-time corrective feedback},
  author={Garc{\'\i}a-Vergara, Sergio and Brown, LaVonda and Chen, Yu-Ping and Howard, Ayanna M},
  booktitle={Robot and Human Interactive Communication (RO-MAN), 2016 25th IEEE International Symposium on},
  pages={700--705},
  year={2016},
  organization={IEEE}
}

